@article{van2008influence,
  title={The influence of student characteristics and interpersonal teacher behaviour in the classroom on studentâ€™s wellbeing},
  author={Van Petegem, Karen and Aelterman, Antonia and Van Keer, Hilde and Rosseel, Yves},
  journal={Social Indicators Research},
  volume={85},
  number={2},
  pages={279--291},
  year={2008},
  publisher={Springer}
}

@article{van2007student,
  title={Student perception as moderator for student wellbeing},
  author={Van Petegem, Karen and Aelterman, Antonia and Rosseel, Yves and Creemers, Bert},
  journal={Social Indicators Research},
  volume={83},
  number={3},
  pages={447--463},
  year={2007},
  publisher={Springer}
}